% Encoding: UTF-8

@Book{debuck1935,
  title     = {The Egyptian coffin texts},
  publisher = {Chicago, University of Chicago Press},
  year      = {1935-1961},
  author    = {Adriaan de Buck, Alan H Gardiner},
}

@book{gardiner1957egyptian,
  title={Egyptian Grammar... Revised},
  author={Gardiner, Sir Alan Henderson},
  year={1957},
  publisher={London}
}

@Book{blackman1932middle,
  title     = {Middle-Egyptian stories},
  publisher = {Fondation {\'e}gyptologique reine {\'E}lisabeth},
  year      = {1932},
  author    = {Blackman, A.M.},
  series    = {Bibliotheca Aegyptiaca},
}

@Article{roccati1970papiro,
  author  = {Roccati, Alessandro},
  title   = {Papiro ieratico n. 54003},
  journal = {Estratti magici e rituali del Primo Medio Regno},
  year    = {1970},
}

@Book{caminos1956literary,
  title     = {Literary fragments in the hieratic script},
  publisher = {Printed for the Griffith Institute at the University Press},
  year      = {1956},
  author    = {Caminos, Ricardo Augusto},
}

@Book{sethe1908altagyptischen,
  title     = {Die alt{\"a}gyptischen Pyramidentexte: nach den Papierabdr{\"u}cken und Photographien des Berliner Museums},
  publisher = {JC Hinrich},
  year      = {1908},
  author    = {Sethe, Kurt},
  volume    = {1},
}

@Book{lacau1956chapelle,
  title     = {Une chapelle de S{\'e}sostris Ier {\`a} Karnak},
  publisher = {l'Institut fran{\c{c}}ais d'arch{\'e}ologie orientale},
  year      = {1956},
  author    = {Lacau, Pierre and Chevrier, Henri},
}

@Book{habachi1972second,
  title     = {The second stela of Kamose and his struggle against the Hyksos ruler and his capital},
  publisher = {JJ Augustin},
  year      = {1972},
  author    = {Habachi, Labib},
}

@Book{davies1943,
  title     = {The tomb of Rekh-mi-Rē at Thebes : Volume I},
  publisher = {New York : Metropolitan Museum of Art},
  year      = {1943},
  author    = {Davies, Norman de Garis},
}

@Periodical{RSO1925,
  title = {Rivista degli studi Orientali},
  year  = {Roma, dal 1925},
}

@Periodical{RE1933,
  title = {Revue d'Egyptologie},
  year  = {Parigi, dal 1933},
}

@Periodical{JEA1914,
  title = {Journal of Egyptian Archaeology},
  year  = {Londra, dal 1914},
}

@Periodical{OA1962,
  title = {Oriens Antiquus},
  year  = {Roma, dal 1962},
}

@Book{James1962,
  title     = {The Hekanakhte papers and other early Middle Kingdom documents},
  publisher = {Publications of the Metropolitan museum of art. Egyptian expedition},
  year      = {1962},
  author    = {T G H James},
}

@Periodical{UAA1903,
  title = {Urkunden des ægyptischen Altertums},
  year  = {1903-1961},
}

@Comment{jabref-meta: databaseType:bibtex;}
